@online{funcionesdirectorios,
    author = { Pasky},
    title = {Funciones opendir, readdir y closedir en C},
    year = {2009},
    url = {https://pasky.wordpress.com/2009/08/05/funciones-opendir-readdir-y-closedir-en-c/},
    urldate = {2024-30-11}
}

@online{funcionesdirectorios,
    author = { R. Pasniuk},
    title = {Directorios y ficheros en C},
    year = {2013},
    url = {https://www.programacion.com.py/escritorio/c/directorios-y-ficheros-en-c-linux},
    urldate = {2024-5-12}
}

@online{colasdeprioridad(heaps),
    author = { OdeN},
    title = {Arboles de HEAP y colas de prioridad},
    year = {2020},
    url = {https://www.youtube.com/watch?v=udZcgpg-Ss0},
    urldate = {2024-2-12}
}

@online{jaccard,
    author = { GRAPHeverywhere},
    title = {Algoritmo de similaridad de jaccard},
    year = {202X},
    url = {https://www.grapheverywhere.com/algoritmo-de-similaridad-de-jaccard/},
    urldate = {2024-2-12}
}

@online{Dijkstra,
    author = { Estefania Cassingena Navone},
    title = {Algoritmo de la ruta más corta de Dijkstra-Introducción gráfica y detallada},
    year = {2022},
    url = {https://www.freecodecamp.org/espanol/news/algoritmo-de-la-ruta-mas-corta-de-dijkstra-introduccion-grafica/},
    urldate = {2024-3-12}
}